<record><leader>00000cas a22000007a 4500</leader><controlfield tag="001">15720393</controlfield><controlfield tag="008">870521d18901897inuwr ne      0    0eng d</controlfield><datafield ind1=" " ind2=" " tag="010"><subfield code="a">sn 87055948 </subfield></datafield><datafield ind1=" " ind2=" " tag="040"><subfield code="a">NPI</subfield><subfield code="b">eng</subfield><subfield code="c">NPI</subfield><subfield code="d">OCLCQ</subfield></datafield><datafield ind1=" " ind2=" " tag="042"><subfield code="a">msc</subfield></datafield><datafield ind1="0" ind2=" " tag="130"><subfield code="a">Weekly truth (Elkhart, Ind.)</subfield></datafield><datafield ind1="1" ind2="4" tag="245"><subfield code="a">The Weekly truth.</subfield></datafield><datafield ind1=" " ind2=" " tag="260"><subfield code="a">Elkhart, Ind. :</subfield><subfield code="b">Truth Pub. House,</subfield><subfield code="c">-1897.</subfield></datafield><datafield ind1=" " ind2=" " tag="310"><subfield code="a">Weekly</subfield></datafield><datafield ind1="1" ind2=" " tag="362"><subfield code="a">Began with Jan. 16, 1890 issue.</subfield></datafield><datafield ind1="0" ind2=" " tag="362"><subfield code="a">-v. 8, no. 10 (Mar. 11, 1897).</subfield></datafield><datafield ind1=" " ind2=" " tag="580"><subfield code="a">Also published in a daily ed. called: Truth.</subfield></datafield><datafield ind1=" " ind2=" " tag="588"><subfield code="a">Description based on: Vol. 1, no. 5 (Feb. 13, 1890).</subfield></datafield><datafield ind1=" " ind2=" " tag="752"><subfield code="a">United States</subfield><subfield code="b">Indiana</subfield><subfield code="c">Elkhart</subfield><subfield code="d">Elkhart.</subfield></datafield><datafield ind1="1" ind2=" " tag="775"><subfield code="t">Truth (Elkhart, Ind.)</subfield><subfield code="w">(DLC)sn 87055945</subfield></datafield><datafield ind1="0" ind2="5" tag="780"><subfield code="t">Elkhart sentinel</subfield><subfield code="w">(DLC)sn 87055949</subfield></datafield><datafield ind1="0" ind2="0" tag="785"><subfield code="t">Elkhart weekly truth</subfield><subfield code="w">(DLC)sn 87055947</subfield></datafield></record>